@article{Hutton:2007:ESC:1245102.1245104,
 author = {Hutton, Tim J.},
 title = {Evolvable Self-Reproducing Cells in a Two-Dimensional Artificial Chemistry},
 journal = {Artif. Life},
 issue_date = {Winter 2007},
 volume = {13},
 number = {1},
 month = jan,
 year = {2007},
 issn = {1064-5462},
 pages = {11--30},
 numpages = {20},
 url = {http://dx.doi.org/10.1162/artl.2007.13.1.11},
 doi = {10.1162/artl.2007.13.1.11},
 acmid = {1245104},
 publisher = {MIT Press},
 address = {Cambridge, MA, USA},
 keywords = {Artificial chemistry, cellular automata, evolvability, mitosis, self-replication},
}

@inproceedings{Ono:2001:ACC:645302.648782,
 author = {Ono, Naoaki and Ikegami, Takashi},
 title = {Artificial Chemistry: Computational Studies on the Emergence of Self-Reproducing Units},
 booktitle = {Proceedings of the 6th European Conference on Advances in Artificial Life},
 series = {ECAL '01},
 year = {2001},
 isbn = {3-540-42567-5},
 location = {Prague, Czech Republic},
 pages = {186--195},
 numpages = {10},
 url = {http://dl.acm.org/citation.cfm?id=645302.648782},
 acmid = {648782},
 publisher = {Springer-Verlag},
 address = {London, UK, UK},
}

@article{Hutton:2009:OBP:1480445.1480448,
 author = {Hutton, Tim J.},
 title = {The Organic Builder: A Public Experiment in Artificial Chemistries and Self-replication},
 journal = {Artif. Life},
 issue_date = {Winter 2009},
 volume = {15},
 number = {1},
 month = jan,
 year = {2009},
 issn = {1064-5462},
 pages = {21--28},
 numpages = {8},
 url = {http://dx.doi.org/10.1162/artl.2009.15.1.15102},
 doi = {10.1162/artl.2009.15.1.15102},
 acmid = {1480448},
 publisher = {MIT Press},
 address = {Cambridge, MA, USA},
 keywords = {Artificial chemistry, evolvability, origin of life, self-replication, user interface},
}

@inproceedings{Gordon-Smith:2009:SAC:2022653.2022689,
 author = {Gordon-Smith, Chris},
 title = {SimSoup: Artificial Chemistry Meets Pauling},
 booktitle = {Proceedings of the 10th European Conference on Advances in Artificial Life: Darwin Meets Von Neumann - Volume Part I},
 series = {ECAL'09},
 year = {2011},
 isbn = {978-3-642-21282-6},
 location = {Budapest, Hungary},
 pages = {265--272},
 numpages = {8},
 url = {http://dl.acm.org/citation.cfm?id=2022653.2022689},
 acmid = {2022689},
 publisher = {Springer-Verlag},
 address = {Berlin, Heidelberg},
}

@article{Tominaga:2009:MBP:1480445.1480454,
 author = {Tominaga, Kazuto and Suzuki, Yoshikazu and Kobayashi, Keiji and Watanabe, Tooru and Koizumi, Kazumasa and Kishi, Koji},
 title = {Modeling Biochemical Pathways Using an Artificial Chemistry},
 journal = {Artif. Life},
 issue_date = {Winter 2009},
 volume = {15},
 number = {1},
 month = jan,
 year = {2009},
 issn = {1064-5462},
 pages = {115--129},
 numpages = {15},
 url = {http://dx.doi.org/10.1162/artl.2009.15.1.15108},
 doi = {10.1162/artl.2009.15.1.15108},
 acmid = {1480454},
 publisher = {MIT Press},
 address = {Cambridge, MA, USA},
 keywords = {Artificial chemistry, biochemical pathways, biomolecular engineering, modularity, reasoning, scalability},
}

@article{Banzhaf:1999:SSB:308904.308909,
 author = {Banzhaf, W. and Dittrich, P. and Eller, B.},
 title = {Self-organization in a System of Binary Strings with Spatial Interactions},
 journal = {Phys. D},
 issue_date = {Jan. 1, 1999},
 volume = {125},
 number = {1-2},
 month = jan,
 year = {1999},
 issn = {0167-2789},
 pages = {85--104},
 numpages = {20},
 url = {http://dx.doi.org/10.1016/S0167-2789(98)00238-3},
 doi = {10.1016/S0167-2789(98)00238-3},
 acmid = {308909},
 publisher = {Elsevier Science Publishers B. V.},
 address = {Amsterdam, The Netherlands, The Netherlands},
 keywords = {artificial chemistry, catalytic networks, clustering, metabolism, self-organization, self-replication, spatial interactions},
}

@article{Hutton:2002:ESM:782274.782280,
 author = {Hutton, Tim J.},
 title = {Evolvable Self-replicating Molecules in an Artificial Chemistry},
 journal = {Artif. Life},
 issue_date = {Fall 2002},
 volume = {8},
 number = {4},
 month = sep,
 year = {2002},
 issn = {1064-5462},
 pages = {341--356},
 numpages = {16},
 url = {http://dx.doi.org/10.1162/106454602321202417},
 doi = {10.1162/106454602321202417},
 acmid = {782280},
 publisher = {MIT Press},
 address = {Cambridge, MA, USA},
 keywords = {complex systems, emergence, evolution, molecular simulation, origin of life, self-organization},
}

@inproceedings{Young:2013:CAC:2694968.2695006,
 author = {Young, Thomas J. and Neshatian, Kourosh},
 title = {A Constructive Artificial Chemistry to Explore Open-Ended Evolution},
 booktitle = {Proceedings of the 26th Australasian Joint Conference on AI 2013: Advances in Artificial Intelligence - Volume 8272},
 year = {2013},
 isbn = {978-3-319-03679-3},
 pages = {228--233},
 numpages = {6},
 url = {http://dx.doi.org/10.1007/978-3-319-03680-9_25},
 doi = {10.1007/978-3-319-03680-9_25},
 acmid = {2695006},
 publisher = {Springer-Verlag New York, Inc.},
 address = {New York, NY, USA},
 keywords = {Artificial Chemistry, Constructive, Emergence, Energy},
}

@article{Rasmussen:2003:BNL:945926.945929,
 author = {Rasmussen, Steen and Chen, Liaohai and Nilsson, Martin and Abe, Shigeaki},
 title = {Bridging Nonliving and Living Matter},
 journal = {Artif. Life},
 issue_date = {Summer 2003},
 volume = {9},
 number = {3},
 month = jul,
 year = {2003},
 issn = {1064-5462},
 pages = {269--316},
 numpages = {48},
 url = {http://dx.doi.org/10.1162/106454603322392479},
 doi = {10.1162/106454603322392479},
 acmid = {945929},
 publisher = {MIT Press},
 address = {Cambridge, MA, USA},
 keywords = {artificial chemistry, evolution, multiscale simulation, nanotechnology, origins of life, photochemistry, physical chemistry, proto-cells, self-assembly, supermolecular chemistry},
}

@article{Lucht:2012:SSA:2185748.2185750,
 author = {Lucht, Michael W.},
 title = {Size Selection and Adaptive Evolution in an Artificial Chemistry},
 journal = {Artif. Life},
 issue_date = {Spring 2012},
 volume = {18},
 number = {2},
 month = apr,
 year = {2012},
 issn = {1064-5462},
 pages = {143--163},
 numpages = {21},
 url = {http://dx.doi.org/10.1162/artl_a_00057},
 doi = {10.1162/artl_a_00057},
 acmid = {2185750},
 publisher = {MIT Press},
 address = {Cambridge, MA, USA},
 keywords = {Evolution, complex systems, emergence, molecular simulation, origin of life, self-organization},
}

@article{Bedau:2000:OPA:374676.374684,
 author = {Bedau, Mark A. and McCaskill, John S. and Packard, Norman H. and Rasmussen, Steen and Adami, Chris and Green, David G. and Ikegami, Takashi and Kaneko, Kunihiko and Ray, Thomas S.},
 title = {Open Problems in Artificial Life},
 journal = {Artif. Life},
 issue_date = {September 1, 2000},
 volume = {6},
 number = {4},
 month = sep,
 year = {2000},
 issn = {1064-5462},
 pages = {363--376},
 numpages = {14},
 url = {http://dx.doi.org/10.1162/106454600300103683},
 doi = {10.1162/106454600300103683},
 acmid = {374684},
 publisher = {MIT Press},
 address = {Cambridge, MA, USA},
 keywords = {artificail life, artificial chemistry, astrobiology, autopoeisis, biosystems, cultural evolution, digitial life, dynamical hierarchies, ecosystems, emergence, evolution, evolutionary learning, evolvable hardware, information theory, origin of life, selection, self-organization, self-replication, simulation},
}

@article{Droop:2011:PBM:2077672.2077679,
 author = {Droop, Alastair P. and Hickinbotham, Simon J.},
 title = {Properties of Biological Mutation Networks and Their Implications for Alife},
 journal = {Artif. Life},
 issue_date = {Fall 2011},
 volume = {17},
 number = {4},
 month = sep,
 year = {2011},
 issn = {1064-5462},
 pages = {353--364},
 numpages = {12},
 url = {http://dx.doi.org/10.1162/artl_a_00043},
 doi = {10.1162/artl_a_00043},
 acmid = {2077679},
 publisher = {MIT Press},
 address = {Cambridge, MA, USA},
 keywords = {Evolution, artificial chemistries, mutation, small-world networks},
}

@article{Gross:2002:RA:599564.599567,
 author = {Gross, Dominique and McMullin, Barry},
 title = {Is It the Right Ansatz?},
 journal = {Artif. Life},
 issue_date = {March 2002},
 volume = {7},
 number = {4},
 month = mar,
 year = {2002},
 issn = {1064-5462},
 pages = {355--365},
 numpages = {11},
 url = {http://dx.doi.org/10.1162/106454601317296997},
 doi = {10.1162/106454601317296997},
 acmid = {599567},
 publisher = {MIT Press},
 address = {Cambridge, MA, USA},
 keywords = {artificial chemistry, dynamical hierarchies, emergence, micelles},
}

@article{Beer:2015:CAG:2812163.2812164,
 author = {Beer, Randall D.},
 title = {Characterizing Autopoiesis in the Game of Life},
 journal = {Artif. Life},
 issue_date = {Winter 2015},
 volume = {21},
 number = {1},
 month = feb,
 year = {2015},
 issn = {1064-5462},
 pages = {1--19},
 numpages = {19},
 url = {http://dx.doi.org/10.1162/ARTL_a_00143},
 doi = {10.1162/ARTL_a_00143},
 acmid = {2812164},
 publisher = {MIT Press},
 address = {Cambridge, MA, USA},
 keywords = {Autopoiesis, artificial chemistry, cellular automata, organizational closure},
}

@inproceedings{Lung:2012:SAC:2247219.2247259,
 author = {Lung, Rodica Ioana and Sturzu-N\u{a}stase, Lucian},
 title = {A Simple Artificial Chemistry Model for Nash Equilibria Detection in Large Cournot Games},
 booktitle = {Proceedings of the 7th International Conference on Hybrid Artificial Intelligent Systems - Volume Part II},
 series = {HAIS'12},
 year = {2012},
 isbn = {978-3-642-28930-9},
 location = {Salamanca, Spain},
 pages = {350--358},
 numpages = {9},
 url = {http://dx.doi.org/10.1007/978-3-642-28931-6_34},
 doi = {10.1007/978-3-642-28931-6_34},
 acmid = {2247259},
 publisher = {Springer-Verlag},
 address = {Berlin, Heidelberg},
 keywords = {artificial chemistry, cournot oligopoly, nash equilibrium},
}

@inproceedings{Felix:2007:RMP:1780158.1780173,
 author = {F{\'e}lix, Liliana and Rossell\'{o}, Francesc and Valiente, Gabriel},
 title = {Reconstructing Metabolic Pathways by Bidirectional Chemical Search},
 booktitle = {Proceedings of the 2007 International Conference on Computational Methods in Systems Biology},
 series = {CMSB'07},
 year = {2007},
 isbn = {3-540-75139-4, 978-3-540-75139-7},
 location = {Edinburgh, Scotland},
 pages = {217--232},
 numpages = {16},
 url = {http://dl.acm.org/citation.cfm?id=1780158.1780173},
 acmid = {1780173},
 publisher = {Springer-Verlag},
 address = {Berlin, Heidelberg},
 keywords = {artificial chemistry, biochemical reaction, metabolic pathway},
}

@inproceedings{Benko:2005:ECS:2104364.2104448,
 author = {Benk\"{o}, Gil and Flamm, Christoph and Stadler, Peter F.},
 title = {Explicit Collision Simulation of Chemical Reactions in a Graph Based Artificial Chemistry},
 booktitle = {Proceedings of the 8th European Conference on Advances in Artificial Life},
 series = {ECAL'05},
 year = {2005},
 isbn = {3-540-28848-1, 978-3-540-28848-0},
 location = {Canterbury, UK},
 pages = {725--733},
 numpages = {9},
 url = {http://dx.doi.org/10.1007/11553090_73},
 doi = {10.1007/11553090_73},
 acmid = {2104448},
 publisher = {Springer-Verlag},
 address = {Berlin, Heidelberg},
 keywords = {artificial chemistry, elementary reactions, energy conservation},
}

@article{Buisman:2009:CAF:1480445.1480447,
 author = {Buisman, H. J. and ten Eikelder, H. M. M. and Hilbers, P. A. J. and Liekens, A. M. L.},
 title = {Computing Algebraic Functions with Biochemical Reaction Networks},
 journal = {Artif. Life},
 issue_date = {Winter 2009},
 volume = {15},
 number = {1},
 month = jan,
 year = {2009},
 issn = {1064-5462},
 pages = {5--19},
 numpages = {15},
 url = {http://dx.doi.org/10.1162/artl.2009.15.1.15101},
 doi = {10.1162/artl.2009.15.1.15101},
 acmid = {1480447},
 publisher = {MIT Press},
 address = {Cambridge, MA, USA},
 keywords = {Artificial chemistries, algebraic functions, feed-forward networks},
}

@inproceedings{McMullin:2007:MSS:1771390.1771394,
 author = {McMullin, Barry and Kelly, Ciar\'{a}n and O'Brien, Darragh},
 title = {Multi-level Selectional Stalemate in a Simple Artificial Chemistry},
 booktitle = {Proceedings of the 9th European Conference on Advances in Artificial Life},
 series = {ECAL'07},
 year = {2007},
 isbn = {978-3-540-74912-7},
 location = {Lisbon, Portugal},
 pages = {22--31},
 numpages = {10},
 url = {http://dl.acm.org/citation.cfm?id=1771390.1771394},
 acmid = {1771394},
 publisher = {Springer-Verlag},
 address = {Berlin, Heidelberg},
}

@article{Hickinbotham:2016:MAP:2913272.2913275,
 author = {Hickinbotham, Simon and Clark, Edward and Nellis, Adam and Stepney, Susan and Clarke, Tim and Young, Peter},
 title = {Maximizing the Adjacent Possible in Automata Chemistries},
 journal = {Artif. Life},
 issue_date = {Winter 2016},
 volume = {22},
 number = {1},
 month = feb,
 year = {2016},
 issn = {1064-5462},
 pages = {49--75},
 numpages = {27},
 url = {http://dx.doi.org/10.1162/ARTL_a_00180},
 doi = {10.1162/ARTL_a_00180},
 acmid = {2913275},
 publisher = {MIT Press},
 address = {Cambridge, MA, USA},
 keywords = {Artificial chemistries, automata chemistries, evolutionary computation, open-ended evolution},
}

@article{Banda:2013:OLC:2487426.2487427,
 author = {Banda, Peter and Teuscher, Christof and Lakin, Matthew R.},
 title = {Online Learning in a Chemical Perceptron},
 journal = {Artif. Life},
 issue_date = {Spring 2013},
 volume = {19},
 number = {2},
 month = apr,
 year = {2013},
 issn = {1064-5462},
 pages = {195--219},
 numpages = {25},
 url = {http://dx.doi.org/10.1162/ARTL_a_00105},
 doi = {10.1162/ARTL_a_00105},
 acmid = {2487427},
 publisher = {MIT Press},
 address = {Cambridge, MA, USA},
 keywords = {Perceptron, adaptation, artificial chemistry, chemical computing, learning, robustness},
}

@article{Ziegler:2001:ECM:569752.569756,
 author = {Ziegler, Jens and Banzhaf, Wolfgang},
 title = {Evolving Control Metabolism for a Robot},
 journal = {Artif. Life},
 issue_date = {Spring 2001},
 volume = {7},
 number = {2},
 month = may,
 year = {2001},
 issn = {1064-5462},
 pages = {171--190},
 numpages = {20},
 url = {http://dx.doi.org/10.1162/106454601753138998},
 doi = {10.1162/106454601753138998},
 acmid = {569756},
 publisher = {MIT Press},
 address = {Cambridge, MA, USA},
 keywords = {artificial chemistry, autonomous robots, chemical information processing, genetic programming},
}

@inproceedings{Gardiner:2007:FCG:1781194.1781226,
 author = {Gardiner, Ken and Harland, James and Hamilton, Margaret},
 title = {A Framework for the Co-evolution of Genes, Proteins and a Genetic Code Within an Artificial Chemistry Reaction Set},
 booktitle = {Proceedings of the 3rd Australian Conference on Progress in Artificial Life},
 series = {ACAL'07},
 year = {2007},
 isbn = {3-540-76930-7, 978-3-540-76930-9},
 location = {Gold Coast, Australia},
 pages = {281--291},
 numpages = {11},
 url = {http://dl.acm.org/citation.cfm?id=1781194.1781226},
 acmid = {1781226},
 publisher = {Springer-Verlag},
 address = {Berlin, Heidelberg},
}

@inproceedings{Tominaga:2008:AAG:1787943.1787997,
 author = {Tominaga, Kazuto and Setomoto, Masafumi},
 title = {An Artificial-chemistry Approach to Generating Polyphonic Musical Phrases},
 booktitle = {Proceedings of the 2008 Conference on Applications of Evolutionary Computing},
 series = {Evo'08},
 year = {2008},
 isbn = {3-540-78760-7, 978-3-540-78760-0},
 location = {Naples, Italy},
 pages = {463--472},
 numpages = {10},
 url = {http://dl.acm.org/citation.cfm?id=1787943.1787997},
 acmid = {1787997},
 publisher = {Springer-Verlag},
 address = {Berlin, Heidelberg},
 keywords = {artificial chemistry, counterpoint, music composition, polyphony, trial and error},
}

@incollection{Meyer:2008:ACN:1485157.1485164,
 author = {Meyer, Thomas and Yamamoto, Lidia and Tschudin, Christian},
 chapter = {An Artificial Chemistry for Networking},
 title = {Bio-Inspired Computing and Communication},
 editor = {Li\`{o}, Pietro and Yoneki, Eiko and Crowcroft, Jon and Verma, Dinesh C.},
 year = {2008},
 isbn = {978-3-540-92190-5},
 pages = {45--57},
 numpages = {13},
 url = {http://dx.doi.org/10.1007/978-3-540-92191-2_5},
 doi = {10.1007/978-3-540-92191-2_5},
 acmid = {1485164},
 publisher = {Springer-Verlag},
 address = {Berlin, Heidelberg},
 keywords = {Fraglets, artificial chemistry, distributed algorithms, load balancing, network protocols},
}

@article{Egbert:2009:IAB:1620632.1620734,
 author = {Egbert, Matthew D. and Di Paolo, Ezequiel},
 title = {Integrating Autopoiesis and Behavior: An Exploration in Computational Chemo-ethology},
 journal = {Adaptive Behavior - Animals, Animats, Software Agents, Robots, Adaptive Systems},
 issue_date = {October   2009},
 volume = {17},
 number = {5},
 month = oct,
 year = {2009},
 issn = {1059-7123},
 pages = {387--401},
 numpages = {15},
 url = {http://dx.doi.org/10.1177/1059712309343821},
 doi = {10.1177/1059712309343821},
 acmid = {1620734},
 publisher = {Sage Publications, Inc.},
 address = {Thousand Oaks, CA, USA},
 keywords = {agency, artificial chemistry, autopoiesis, behavior, chemo-ethology, operational closure},
}

@article{Suzuki:2009:AC:1480445.1480446,
 author = {Suzuki, Hideaki and Dittrich, Peter},
 title = {Artificial Chemistry},
 journal = {Artif. Life},
 issue_date = {Winter 2009},
 volume = {15},
 number = {1},
 month = jan,
 year = {2009},
 issn = {1064-5462},
 pages = {1--3},
 numpages = {3},
 url = {http://dx.doi.org/10.1162/artl.2009.15.1.15100},
 doi = {10.1162/artl.2009.15.1.15100},
 acmid = {1480446},
 publisher = {MIT Press},
 address = {Cambridge, MA, USA},
}

@inproceedings{Sayama:2012:MSS:2330163.2330245,
 author = {Sayama, Hiroki},
 title = {Morphologies of Self-organizing Swarms in 3D Swarm Chemistry},
 booktitle = {Proceedings of the 14th Annual Conference on Genetic and Evolutionary Computation},
 series = {GECCO '12},
 year = {2012},
 isbn = {978-1-4503-1177-9},
 location = {Philadelphia, Pennsylvania, USA},
 pages = {577--584},
 numpages = {8},
 url = {http://doi.acm.org/10.1145/2330163.2330245},
 doi = {10.1145/2330163.2330245},
 acmid = {2330245},
 publisher = {ACM},
 address = {New York, NY, USA},
 keywords = {3D, artificial chemistry, artificial life, morphology, spatial dimension, swarm chemistry, swarms},
}

@article{Suzuki:2003:SNC:860914.860917,
 author = {Suzuki, Hideaki and Ono, Naoaki and Yuta, Kikuo},
 title = {Several Necessary Conditions for the Evolution of Complex Forms of Life in an Artificial Environment},
 journal = {Artif. Life},
 issue_date = {Spring 2003},
 volume = {9},
 number = {2},
 month = apr,
 year = {2003},
 issn = {1064-5462},
 pages = {153--174},
 numpages = {22},
 url = {http://dx.doi.org/10.1162/106454603322221504},
 doi = {10.1162/106454603322221504},
 acmid = {860917},
 publisher = {MIT Press},
 address = {Cambridge, MA, USA},
 keywords = {artificial chemistry, diffusion processes, genetic information, information space, reaction rules, symbol transportation},
}

@article{Oohashi:2014:EAM:2558825.2558831,
 author = {Oohashi, Tsutomu and Maekawa, Tadao and Ueno, Osamu and Kawai, Norie and Nishina, Emi and Honda, Manabu},
 title = {Evolutionary Acquisition of a Mortal Genetic Program: The Origin of an Altruistic Gene},
 journal = {Artif. Life},
 issue_date = {Winter 2014},
 volume = {20},
 number = {1},
 month = jan,
 year = {2014},
 issn = {1064-5462},
 pages = {95--110},
 numpages = {16},
 url = {http://dx.doi.org/10.1162/ARTL_a_00098},
 doi = {10.1162/ARTL_a_00098},
 acmid = {2558831},
 publisher = {MIT Press},
 address = {Cambridge, MA, USA},
 keywords = {Altruism, artificial chemistry AChem, autolysis, cooperation, programmed death, programmed self-decomposition PSD, terrestrial life},
}

@article{Sayama:2009:SC:1480445.1480453,
 author = {Sayama, Hiroki},
 title = {Swarm Chemistry},
 journal = {Artif. Life},
 issue_date = {Winter 2009},
 volume = {15},
 number = {1},
 month = jan,
 year = {2009},
 issn = {1064-5462},
 pages = {105--114},
 numpages = {10},
 url = {http://dx.doi.org/10.1162/artl.2009.15.1.15107},
 doi = {10.1162/artl.2009.15.1.15107},
 acmid = {1480453},
 publisher = {MIT Press},
 address = {Cambridge, MA, USA},
 keywords = {Artificial chemistry, interactive evolutionary method, kinetic interaction, pattern formation, self-organization, swarm behavior},
}

@inproceedings{Suzuki:2009:BCR:2022653.2022706,
 author = {Suzuki, Yasuhiro},
 title = {Behaviors of Chemical Reactions with Small Number of Molecules},
 booktitle = {Proceedings of the 10th European Conference on Advances in Artificial Life: Darwin Meets Von Neumann - Volume Part I},
 series = {ECAL'09},
 year = {2011},
 isbn = {978-3-642-21282-6},
 location = {Budapest, Hungary},
 pages = {394--401},
 numpages = {8},
 url = {http://dl.acm.org/citation.cfm?id=2022653.2022706},
 acmid = {2022706},
 publisher = {Springer-Verlag},
 address = {Berlin, Heidelberg},
 keywords = {Lotka-Volterra model, artificial chemistries, chemical reactions with a small number of molecules, small number effects},
}

@inproceedings{DeBeule:2009:CMN:2022653.2022716,
 author = {De Beule, Joachim},
 title = {A Chemical Model of the Naming Game},
 booktitle = {Proceedings of the 10th European Conference on Advances in Artificial Life: Darwin Meets Von Neumann - Volume Part I},
 series = {ECAL'09},
 year = {2011},
 isbn = {978-3-642-21282-6},
 location = {Budapest, Hungary},
 pages = {466--473},
 numpages = {8},
 url = {http://dl.acm.org/citation.cfm?id=2022653.2022716},
 acmid = {2022716},
 publisher = {Springer-Verlag},
 address = {Berlin, Heidelberg},
 keywords = {agent response analysis, artificial chemistry, coordination, idiotypic networks, semiotic dynamics, the naming game},
}

@article{Tominaga:2007:MMC:1268670.1268671,
 author = {Tominaga, Kazuto and Watanabe, Tooru and Kobayashi, Keiji and Nakamura, Masaki and Kishi, Koji and Kazuno, Mitsuyoshi},
 title = {Modeling Molecular Computing Systems by an Artificial Chemistry---Its Expressive Power and Application},
 journal = {Artif. Life},
 issue_date = {Summer 2007},
 volume = {13},
 number = {3},
 month = jul,
 year = {2007},
 issn = {1064-5462},
 pages = {223--247},
 numpages = {25},
 url = {http://dx.doi.org/10.1162/artl.2007.13.3.223},
 doi = {10.1162/artl.2007.13.3.223},
 acmid = {1268671},
 publisher = {MIT Press},
 address = {Cambridge, MA, USA},
 keywords = {Artificial chemistry, DNA computing, Turing machine, computational universality, expressive power, molecular computing},
}

@article{Gerrard:2015:ADC:2782916.2782955,
 author = {Gerrard, Claire E. and Mccall, John and Macleod, Christopher and Coghill, George M.},
 title = {Applications and Design of Cooperative Multi-agent ARN-based Systems},
 journal = {Soft Comput.},
 issue_date = {June      2015},
 volume = {19},
 number = {6},
 month = jun,
 year = {2015},
 issn = {1432-7643},
 pages = {1581--1594},
 numpages = {14},
 url = {http://dx.doi.org/10.1007/s00500-014-1330-9},
 doi = {10.1007/s00500-014-1330-9},
 acmid = {2782955},
 publisher = {Springer-Verlag},
 address = {Berlin, Heidelberg},
 keywords = {Artificial Chemistry, Artificial Neural Network (ANN), Artificial Reaction Network (ARN), Swarm Robotics},
}

@article{Downing:2002:SED:590613.590615,
 author = {Downing, Keith L.},
 title = {The Simulated Emergence of Distributed Environmental Control in Evolving Microcosms},
 journal = {Artif. Life},
 issue_date = {July 2002},
 volume = {8},
 number = {2},
 month = jul,
 year = {2002},
 issn = {1064-5462},
 pages = {123--153},
 numpages = {31},
 url = {http://dx.doi.org/10.1162/106454602320184211},
 doi = {10.1162/106454602320184211},
 acmid = {590615},
 publisher = {MIT Press},
 address = {Cambridge, MA, USA},
 keywords = {Gaia theory, artificial chemistries, artificial life, artificial metabolisms, emergent distributed control, genetic algorithms},
}

@article{Dittrich:1998:SCB:307083.307088,
 author = {Dittrich, Peter and Banzhaf, Wolfgang},
 title = {Self-evolution in a Constructive Binary String System},
 journal = {Artif. Life},
 issue_date = {Spring 1998},
 volume = {4},
 number = {2},
 month = apr,
 year = {1998},
 issn = {1064-5462},
 pages = {203--220},
 numpages = {18},
 url = {http://dx.doi.org/10.1162/106454698568521},
 doi = {10.1162/106454698568521},
 acmid = {307088},
 publisher = {MIT Press},
 address = {Cambridge, MA, USA},
 keywords = {artificial chemistry, autocatalytic reaction system, molecular computing, prebiotic evolution, self-organization, self-programming},
}

@article{Astor:2000:DME:374686.374689,
 author = {Astor, J. C. and Adami, C.},
 title = {A Developmental Model for the Evolution of Artificial Neural Networks},
 journal = {Artif. Life},
 issue_date = {June 1 2000},
 volume = {6},
 number = {3},
 month = jun,
 year = {2000},
 issn = {1064-5462},
 pages = {189--218},
 numpages = {30},
 url = {http://dx.doi.org/10.1162/106454600568834},
 doi = {10.1162/106454600568834},
 acmid = {374689},
 publisher = {MIT Press},
 address = {Cambridge, MA, USA},
 keywords = {(distributed) genetic algorithms, Java, artificial chemistry, artificial life, artificial neural network, gene experession, neurogenesis},
}

@incollection{Meyer:2008:RCD:1505805.1505808,
 author = {Meyer, Thomas and Schreckling, Daniel and Tschudin, Christian and Yamamoto, Lidia},
 chapter = {Robustness to Code and Data Deletion in Autocatalytic Quines},
 title = {Transactions on Computational Systems Biology X},
 editor = {Priami, Corrado and Dressler, Falko and Akan, Ozgur B. and Ngom, Alioune},
 year = {2008},
 isbn = {978-3-540-92272-8},
 pages = {20--40},
 numpages = {21},
 url = {http://dx.doi.org/10.1007/978-3-540-92273-5_2},
 doi = {10.1007/978-3-540-92273-5_2},
 acmid = {1505808},
 publisher = {Springer-Verlag},
 address = {Berlin, Heidelberg},
}

@article{Gerrard:2014:EAC:2669395.2669404,
 author = {Gerrard, Claire E. and Mccall, John and Coghill, George M. and Macleod, Christopher},
 title = {Exploring Aspects of Cell Intelligence with Artificial Reaction Networks},
 journal = {Soft Comput.},
 issue_date = {October   2014},
 volume = {18},
 number = {10},
 month = oct,
 year = {2014},
 issn = {1432-7643},
 pages = {1899--1912},
 numpages = {14},
 url = {http://dx.doi.org/10.1007/s00500-013-1174-8},
 doi = {10.1007/s00500-013-1174-8},
 acmid = {2669404},
 publisher = {Springer-Verlag},
 address = {Berlin, Heidelberg},
 keywords = {Artificial biochemical network (ABN), Artificial chemistry, Artificial neural network (ANN), Artificial reaction network (ARN), Cell signalling network (CSN), Robotics},
}

@article{Lenaerts:2009:SAA:1480445.1480452,
 author = {Lenaerts, Tom and Bersini, Hugues},
 title = {A Synthon Approach to Artificial Chemistry},
 journal = {Artif. Life},
 issue_date = {Winter 2009},
 volume = {15},
 number = {1},
 month = jan,
 year = {2009},
 issn = {1064-5462},
 pages = {89--103},
 numpages = {15},
 url = {http://dx.doi.org/10.1162/artl.2009.15.1.15106},
 doi = {10.1162/artl.2009.15.1.15106},
 acmid = {1480452},
 publisher = {MIT Press},
 address = {Cambridge, MA, USA},
 keywords = {Molecular graphs, complex networks, reaction generator},
}

@article{Dittrich:2001:ACR:569760.569762,
 author = {Dittrich, Peter and Ziegler, Jens and Banzhaf, Wolfgang},
 title = {Artificial Chemistries\&Mdash;a Review},
 journal = {Artif. Life},
 issue_date = {Summer 2001},
 volume = {7},
 number = {3},
 month = jun,
 year = {2001},
 issn = {1064-5462},
 pages = {225--275},
 numpages = {51},
 url = {http://dx.doi.org/10.1162/106454601753238636},
 doi = {10.1162/106454601753238636},
 acmid = {569762},
 publisher = {MIT Press},
 address = {Cambridge, MA, USA},
 keywords = {chemical computing, complex systems, evolution, molecular simulation, origin of life, self-organization},
}

@inproceedings{Dittrich:1998:MAS:286139.286151,
 author = {Dittrich, Peter and Ziegler, Jens and Banzhaf, Wolfgang},
 title = {Mesoscopic Analysis of Self-evolution in an Artificial Chemistry},
 booktitle = {Proceedings of the Sixth International Conference on Artificial Life},
 series = {ALIFE},
 year = {1998},
 isbn = {0-262-51099-5},
 location = {Madison, Wisconsin, USA},
 pages = {95--103},
 numpages = {9},
 url = {http://dl.acm.org/citation.cfm?id=286139.286151},
 acmid = {286151},
 publisher = {MIT Press},
 address = {Cambridge, MA, USA},
 keywords = {algorithmic chemistry, automata resaction, binary string system, chemical computing, cluster analysis, computational chemistry, constructive dynamical systems, evolution, self-organization},
}

@inproceedings{Dorin:2007:BVE:1771390.1771404,
 author = {Dorin, Alan and Korb, Kevin B.},
 title = {Building Virtual Ecosystems from Artificial Chemistry},
 booktitle = {Proceedings of the 9th European Conference on Advances in Artificial Life},
 series = {ECAL'07},
 year = {2007},
 isbn = {978-3-540-74912-7},
 location = {Lisbon, Portugal},
 pages = {103--112},
 numpages = {10},
 url = {http://dl.acm.org/citation.cfm?id=1771390.1771404},
 acmid = {1771404},
 publisher = {Springer-Verlag},
 address = {Berlin, Heidelberg},
}

@inproceedings{Banzhaf:2004:NPP:2135075.2135083,
 author = {Banzhaf, W. and Lasarczyk, C.},
 title = {A New Programming Paradigm Inspired by Artificial Chemistries},
 booktitle = {Proceedings of the 2004 International Conference on Unconventional Programming Paradigms},
 series = {UPP'04},
 year = {2005},
 isbn = {3-540-27884-2, 978-3-540-27884-9},
 location = {Le Mont Saint Michel, France},
 pages = {73--83},
 numpages = {11},
 url = {http://dx.doi.org/10.1007/11527800_6},
 doi = {10.1007/11527800_6},
 acmid = {2135083},
 publisher = {Springer-Verlag},
 address = {Berlin, Heidelberg},
}

@inproceedings{Felix:2005:OAC:1111686.1112098,
 author = {Felix, Liliana and Valiente, Gabriel and Rossello, Francesc},
 title = {Optimal Artificial Chemistries and Metabolic Pathways},
 booktitle = {Proceedings of the Sixth Mexican International Conference on Computer Science},
 series = {ENC '05},
 year = {2005},
 isbn = {0-7695-2454-0},
 pages = {298--305},
 numpages = {8},
 url = {http://dx.doi.org/10.1109/ENC.2005.30},
 doi = {10.1109/ENC.2005.30},
 acmid = {1112098},
 publisher = {IEEE Computer Society},
 address = {Washington, DC, USA},
}

@inproceedings{GroB:2002:CNA:860295.860359,
 author = {Gro\ss, Dominique and McMullin, Barry},
 title = {The Creation of Novelty in Artificial Chemistries},
 booktitle = {Proceedings of the Eighth International Conference on Artificial Life},
 series = {ICAL 2003},
 year = {2003},
 isbn = {0-262-69281-3},
 pages = {400--409},
 numpages = {10},
 url = {http://dl.acm.org/citation.cfm?id=860295.860359},
 acmid = {860359},
 publisher = {MIT Press},
 address = {Cambridge, MA, USA},
}

@inproceedings{Fenizio:2001:SFP:645302.648795,
 author = {Fenizio, Pietro Speroni di and Dittrich, Peter and Banzhaf, Wolfgang},
 title = {Spontaneous Formation of Proto-cells in an Universal Artificial Chemistry on a Planar Graph},
 booktitle = {Proceedings of the 6th European Conference on Advances in Artificial Life},
 series = {ECAL '01},
 year = {2001},
 isbn = {3-540-42567-5},
 location = {Prague, Czech Republic},
 pages = {206--215},
 numpages = {10},
 url = {http://dl.acm.org/citation.cfm?id=645302.648795},
 acmid = {648795},
 publisher = {Springer-Verlag},
 address = {London, UK, UK},
}

@article{Oohashi:2009:EHM:1480445.1480449,
 author = {Oohashi, Tsutomu and Ueno, Osamu and Maekawa, Tadao and Kawai, Norie and Nishina, Emi and Honda, Manabu},
 title = {An Effective Hierarchical Model for the Biomolecular Covalent Bond: An Approach Integrating Artificial Chemistry and an Actual Terrestrial Life System},
 journal = {Artif. Life},
 issue_date = {Winter 2009},
 volume = {15},
 number = {1},
 month = jan,
 year = {2009},
 issn = {1064-5462},
 pages = {29--58},
 numpages = {30},
 url = {http://dx.doi.org/10.1162/artl.2009.15.1.15103},
 doi = {10.1162/artl.2009.15.1.15103},
 acmid = {1480449},
 publisher = {MIT Press},
 address = {Cambridge, MA, USA},
 keywords = {Collective reutilizability, bond energy, hydrolysis, individual death, programmed self-decomposition model, unicellular organism},
}

@inproceedings{2000:MSI:518904.878899,
 title = {Multi-Agent Systems Inspired by Artificial Chemistries: A Case Study in Automated Theorem Proving},
 booktitle = {Proceedings of the Fourth International Conference on MultiAgent Systems (ICMAS-2000)},
 series = {ICMAS '00},
 year = {2000},
 isbn = {0-7695-0625-9},
 pages = {371--},
 url = {http://dl.acm.org/citation.cfm?id=518904.878899},
 acmid = {878899},
 publisher = {IEEE Computer Society},
 address = {Washington, DC, USA},
key = {{$\!\!$}} ,
}

@inproceedings{Faulconbridge:2009:RSA:2022653.2022704,
 author = {Faulconbridge, Adam and Stepney, Susan and Miller, Julian F. and Caves, Leo S. D.},
 title = {RBN-World: A Sub-symbolic Artificial Chemistry},
 booktitle = {Proceedings of the 10th European Conference on Advances in Artificial Life: Darwin Meets Von Neumann - Volume Part I},
 series = {ECAL'09},
 year = {2011},
 isbn = {978-3-642-21282-6},
 location = {Budapest, Hungary},
 pages = {377--384},
 numpages = {8},
 url = {http://dl.acm.org/citation.cfm?id=2022653.2022704},
 acmid = {2022704},
 publisher = {Springer-Verlag},
 address = {Berlin, Heidelberg},
}

@incollection{Hinze:2009:EMP:1506628.1506647,
 author = {Hinze, Thomas and Fa\ssler, Raffael and Lenser, Thorsten and Matsumaru, Naoki and Dittrich, Peter},
 chapter = {Event-Driven Metamorphoses of P Systems},
 title = {Membrane Computing},
 editor = {Corne, David Wolfe and Frisco, Pierluigi and P\u{a}un, Gheorghe and Rozenberg, Grzegorz and Salomaa, Arto},
 year = {2009},
 isbn = {978-3-540-95884-0},
 pages = {231--245},
 numpages = {15},
 url = {http://dx.doi.org/10.1007/978-3-540-95885-7_17},
 doi = {10.1007/978-3-540-95885-7_17},
 acmid = {1506647},
 publisher = {Springer-Verlag},
 address = {Berlin, Heidelberg},
}

@inproceedings{Meyer:2008:SMR:1512504.1512512,
 author = {Meyer, Thomas and Yamamoto, Lidia and Tschudin, Christian},
 title = {A Self-healing Multipath Routing Protocol},
 booktitle = {Proceedings of the 3rd International Conference on Bio-Inspired Models of Network, Information and Computing Sytems},
 series = {BIONETICS '08},
 year = {2008},
 isbn = {978-963-9799-35-6},
 location = {Hyogo, Japan},
 pages = {6:1--6:8},
 articleno = {6},
 numpages = {8},
 url = {http://dl.acm.org/citation.cfm?id=1512504.1512512},
 acmid = {1512512},
 publisher = {ICST (Institute for Computer Sciences, Social-Informatics and Telecommunications Engineering)},
 address = {ICST, Brussels, Belgium, Belgium},
 keywords = {Fraglets, chemical computing, protocols, routing, self-healing},
}

@inproceedings{Amari:2009:SMO:1533570.1533605,
 author = {Amari, Noriyuki and Tominaga, Kazuto},
 title = {Simulation Minus One Makes a Game},
 booktitle = {Proceedings of the EvoWorkshops 2009 on Applications of Evolutionary Computing: EvoCOMNET, EvoENVIRONMENT, EvoFIN, EvoGAMES, EvoHOT, EvoIASP, EvoINTERACTION, EvoMUSART, EvoNUM, EvoSTOC, EvoTRANSLOG},
 series = {EvoWorkshops '09},
 year = {2009},
 isbn = {978-3-642-01128-3},
 location = {T\&\#252;bingen, Germany},
 pages = {273--282},
 numpages = {10},
 url = {http://dx.doi.org/10.1007/978-3-642-01129-0_31},
 doi = {10.1007/978-3-642-01129-0_31},
 acmid = {1533605},
 publisher = {Springer-Verlag},
 address = {Berlin, Heidelberg},
}

@inproceedings{McMullin:2001:TIE:645302.648791,
 author = {McMullin, Barry and Gro\ss, Dominique},
 title = {Towards the Implementation of Evolving Autopoietic Artificial Agents},
 booktitle = {Proceedings of the 6th European Conference on Advances in Artificial Life},
 series = {ECAL '01},
 year = {2001},
 isbn = {3-540-42567-5},
 location = {Prague, Czech Republic},
 pages = {440--443},
 numpages = {4},
 url = {http://dl.acm.org/citation.cfm?id=645302.648791},
 acmid = {648791},
 publisher = {Springer-Verlag},
 address = {London, UK, UK},
}

@inproceedings{Lasarczyk:2005:TSA:1068009.1068285,
 author = {Lasarczyk, Christian W. G. and Banzhaf, Wolfgang},
 title = {Total Synthesis of Algorithmic Chemistries},
 booktitle = {Proceedings of the 7th Annual Conference on Genetic and Evolutionary Computation},
 series = {GECCO '05},
 year = {2005},
 isbn = {1-59593-010-8},
 location = {Washington DC, USA},
 pages = {1635--1640},
 numpages = {6},
 url = {http://doi.acm.org/10.1145/1068009.1068285},
 doi = {10.1145/1068009.1068285},
 acmid = {1068285},
 publisher = {ACM},
 address = {New York, NY, USA},
 keywords = {algorithmic chemistries, genetic programming, total synthesis},
}

@book{Suzuki:2013:NCB:2530522,
 author = {Suzuki, Yasuhiro and Nakagaki, Toshiyuki},
 title = {Natural Computing and Beyond: Winter School Hakodate 2011, Hakodate, Japan, March 2011 and 6th International Workshop on Natural Computing, Tokyo, ... In Information and Communications Technology)},
 year = {2013},
 isbn = {4431543937, 9784431543930},
 publisher = {Springer Publishing Company, Incorporated},
}

@inproceedings{Tominaga:2007:FMD:1771390.1771393,
 author = {Tominaga, Kazuto and Watanabe, Tooru and Suzuki, Maki},
 title = {Formulating Membrane Dynamics with the Reaction of Surface Objects},
 booktitle = {Proceedings of the 9th European Conference on Advances in Artificial Life},
 series = {ECAL'07},
 year = {2007},
 isbn = {978-3-540-74912-7},
 location = {Lisbon, Portugal},
 pages = {12--21},
 numpages = {10},
 url = {http://dl.acm.org/citation.cfm?id=1771390.1771393},
 acmid = {1771393},
 publisher = {Springer-Verlag},
 address = {Berlin, Heidelberg},
}

@inproceedings{Menezes:2007:DS:1771390.1771513,
 author = {Menezes, Telmo and Costa, Ernesto},
 title = {Designing for Surprise},
 booktitle = {Proceedings of the 9th European Conference on Advances in Artificial Life},
 series = {ECAL'07},
 year = {2007},
 isbn = {978-3-540-74912-7},
 location = {Lisbon, Portugal},
 pages = {1079--1088},
 numpages = {10},
 url = {http://dl.acm.org/citation.cfm?id=1771390.1771513},
 acmid = {1771513},
 publisher = {Springer-Verlag},
 address = {Berlin, Heidelberg},
}

@inproceedings{Teuscher:2004:OUA:2135075.2135098,
 author = {Teuscher, Christof},
 title = {Outlining an Unconventional, Adaptive, and Particle-based Reconfigurable Computer Architecture},
 booktitle = {Proceedings of the 2004 International Conference on Unconventional Programming Paradigms},
 series = {UPP'04},
 year = {2005},
 isbn = {3-540-27884-2, 978-3-540-27884-9},
 location = {Le Mont Saint Michel, France},
 pages = {238--253},
 numpages = {16},
 url = {http://dx.doi.org/10.1007/11527800_19},
 doi = {10.1007/11527800_19},
 acmid = {2135098},
 publisher = {Springer-Verlag},
 address = {Berlin, Heidelberg},
}

@inproceedings{diFenizio:2009:FOM:2022653.2022705,
 author = {di Fenizio, Pietro Speroni and Matsumaru, Naoki and Dittrich, Peter},
 title = {Flying over Mount Improbable},
 booktitle = {Proceedings of the 10th European Conference on Advances in Artificial Life: Darwin Meets Von Neumann - Volume Part I},
 series = {ECAL'09},
 year = {2011},
 isbn = {978-3-642-21282-6},
 location = {Budapest, Hungary},
 pages = {385--393},
 numpages = {9},
 url = {http://dl.acm.org/citation.cfm?id=2022653.2022705},
 acmid = {2022705},
 publisher = {Springer-Verlag},
 address = {Berlin, Heidelberg},
}

@inproceedings{Yamamoto:2011:ERS:2051115.2051136,
 author = {Yamamoto, Lidia and Banzhaf, Wolfgang and Collet, Pierre},
 title = {Evolving Reaction-diffusion Systems on GPU},
 booktitle = {Proceedings of the 15th Portugese Conference on Progress in Artificial Intelligence},
 series = {EPIA'11},
 year = {2011},
 isbn = {978-3-642-24768-2},
 location = {Lisbon, Portugal},
 pages = {208--223},
 numpages = {16},
 url = {http://dl.acm.org/citation.cfm?id=2051115.2051136},
 acmid = {2051136},
 publisher = {Springer-Verlag},
 address = {Berlin, Heidelberg},
}

@inproceedings{Cole:2014:NSD:2598394.2598444,
 author = {Cole, Ben and Muthukrishna, Michael},
 title = {Nu-life: Spontaneous Dynamic Hierarchical Organization in a Non-uniform "Life-like" Cellular Automata},
 booktitle = {Proceedings of the Companion Publication of the 2014 Annual Conference on Genetic and Evolutionary Computation},
 series = {GECCO Comp '14},
 year = {2014},
 isbn = {978-1-4503-2881-4},
 location = {Vancouver, BC, Canada},
 pages = {99--100},
 numpages = {2},
 url = {http://doi.acm.org/10.1145/2598394.2598444},
 doi = {10.1145/2598394.2598444},
 acmid = {2598444},
 publisher = {ACM},
 address = {New York, NY, USA},
 keywords = {adaptation/self-adaptation, biology and chemistry, cellular automata, morphogenesis},
}

@book{Peper:2010:NCI:1855269,
 author = {Peper, Ferdinand and Umeo, Hiroshi and Matsui, Nobuyuki and Isokawa, Teijiro},
 title = {Natural Computing: 4th International Workshop on Natural Computing, Himeji, Japan, September 2009, Proceedings},
 year = {2010},
 isbn = {4431538674, 9784431538677},
 edition = {1st},
 publisher = {Springer Publishing Company, Incorporated},
}

@inproceedings{Ullrich:2008:FER:1462544.1462551,
 author = {Ullrich, Alexander and Flamm, Christoph},
 title = {Functional Evolution of Ribozyme-Catalyzed Metabolisms in a Graph-Based Toy-Universe},
 booktitle = {Proceedings of the 6th International Conference on Computational Methods in Systems Biology},
 series = {CMSB '08},
 year = {2008},
 isbn = {978-3-540-88561-0},
 location = {Rostock, Germany},
 pages = {28--43},
 numpages = {16},
 url = {http://dx.doi.org/10.1007/978-3-540-88562-7_7},
 doi = {10.1007/978-3-540-88562-7_7},
 acmid = {1462551},
 publisher = {Springer-Verlag},
 address = {Berlin, Heidelberg},
 keywords = {enzymes, evolution, metabolism, robustness, simulation},
}

@book{Suzuki:2008:NCI:1496381,
 author = {Suzuki, Y. and Hagiya, M. and Umeo, H. and Adamatzky, A.},
 title = {Natural Computing: 2Nd International Workshop on Natural Computing Nagoya, Japan, December 2007, Proceedings},
 year = {2008},
 isbn = {4431889809, 9784431889809},
 edition = {1},
 publisher = {Springer Publishing Company, Incorporated},
}

@inproceedings{Fenizio:2001:SMB:645302.648772,
 author = {Fenizio, Pietro Speroni di and Banzhaf, Wolfgang},
 title = {Stability of Metabolic and Balanced Organisations},
 booktitle = {Proceedings of the 6th European Conference on Advances in Artificial Life},
 series = {ECAL '01},
 year = {2001},
 isbn = {3-540-42567-5},
 location = {Prague, Czech Republic},
 pages = {196--205},
 numpages = {10},
 url = {http://dl.acm.org/citation.cfm?id=645302.648772},
 acmid = {648772},
 publisher = {Springer-Verlag},
 address = {London, UK, UK},
}

@inproceedings{Ono:2005:AMS:2104364.2104447,
 author = {Ono, Naoaki and Fujiwara, Yoshi and Yuta, Kikuo},
 title = {Artificial Metabolic System: An Evolutionary Model for Community Organization in Metabolic Networks},
 booktitle = {Proceedings of the 8th European Conference on Advances in Artificial Life},
 series = {ECAL'05},
 year = {2005},
 isbn = {3-540-28848-1, 978-3-540-28848-0},
 location = {Canterbury, UK},
 pages = {716--724},
 numpages = {9},
 url = {http://dx.doi.org/10.1007/11553090_72},
 doi = {10.1007/11553090_72},
 acmid = {2104447},
 publisher = {Springer-Verlag},
 address = {Berlin, Heidelberg},
}

@inproceedings{DiFenizio:2007:COD:1771390.1771392,
 author = {Di Fenizio, Pietro Speroni and Dittrich, Peter},
 title = {Chemical Organizations at Different Spatial Scales},
 booktitle = {Proceedings of the 9th European Conference on Advances in Artificial Life},
 series = {ECAL'07},
 year = {2007},
 isbn = {978-3-540-74912-7},
 location = {Lisbon, Portugal},
 pages = {1--11},
 numpages = {11},
 url = {http://dl.acm.org/citation.cfm?id=1771390.1771392},
 acmid = {1771392},
 publisher = {Springer-Verlag},
 address = {Berlin, Heidelberg},
}

@book{Rocha:2006:ALX:1197167,
 author = {Rocha, Luis Mateus and Yaeger, Larry S. and Bedau, Mark A. and Floreano, Dario and Goldstone, Robert L. and Vespignani, Alessandro},
 title = {Artificial Life X: Proceedings of the Tenth International Conference on the Simulation and Synthesis of Living Systems (Bradford Books)},
 year = {2006},
 isbn = {0262681625},
 publisher = {The MIT Press},
}

@book{Adami:1999:IAL:307990,
 author = {Adami, Christoph},
 title = {Introduction to Artificial Life},
 year = {1998},
 isbn = {0-387-94646-2},
 publisher = {Springer-Verlag New York, Inc.},
 address = {New York, NY, USA},
}

@book{Tsutsui:2013:MPE:2568480,
 author = {Tsutsui, Shigeyoshi and Collet, Pierre},
 title = {Massively Parallel Evolutionary Computation on GPGPUs},
 year = {2013},
 isbn = {3642379583, 9783642379581},
 publisher = {Springer Publishing Company, Incorporated},
}

@book{Komosinski:2009:ALM:1608961,
 author = {Komosinski, Maciej and Adamatzky, Andrew},
 title = {Artificial Life Models in Software},
 year = {2009},
 isbn = {1848822847},
 edition = {2nd},
 publisher = {Springer Publishing Company, Incorporated},
}

