% Encoding: ISO-8859-1


@Article{Banzhaf:1999:SSB:308904.308909,
  Title                    = {Self-organization in a System of Binary Strings with Spatial Interactions},
  Author                   = {Banzhaf, W. and Dittrich, P. and Eller, B.},
  Journal                  = {Phys. D},
  Year                     = {1999},
  Month                    = jan,
  Number                   = {1-2},
  Pages                    = {85--104},
  Volume                   = {125},
  Acmid                    = {308909},
  Address                  = {Amsterdam, The Netherlands, The Netherlands},
  DOI                      = {10.1016/S0167-2789(98)00238-3},
  ISSN                     = {0167-2789},
  Issue_date               = {Jan. 1, 1999},
  Keywords                 = {artificial chemistry, catalytic networks, clustering, metabolism, self-organization, self-replication, spatial interactions},
  Numpages                 = {20},
  Publisher                = {Elsevier Science Publishers B. V.},
  URL                      = {http://dx.doi.org/10.1016/S0167-2789(98)00238-3}
}

@Article{Bedau:2000:OPA:374676.374684,
  Title                    = {Open Problems in Artificial Life},
  Author                   = {Bedau, Mark A. and McCaskill, John S. and Packard, Norman H. and Rasmussen, Steen and Adami, Chris and Green, David G. and Ikegami, Takashi and Kaneko, Kunihiko and Ray, Thomas S.},
  Journal                  = {Artif. Life},
  Year                     = {2000},
  Month                    = sep,
  Number                   = {4},
  Pages                    = {363--376},
  Volume                   = {6},
  Acmid                    = {374684},
  Address                  = {Cambridge, MA, USA},
  DOI                      = {10.1162/106454600300103683},
  ISSN                     = {1064-5462},
  Issue_date               = {September 1, 2000},
  Keywords                 = {artificail life, artificial chemistry, astrobiology, autopoeisis, biosystems, cultural evolution, digitial life, dynamical hierarchies, ecosystems, emergence, evolution, evolutionary learning, evolvable hardware, information theory, origin of life, selection, self-organization, self-replication, simulation},
  Numpages                 = {14},
  Publisher                = {MIT Press},
  URL                      = {http://dx.doi.org/10.1162/106454600300103683}
}

@InProceedings{DiFenizio:2007:COD:1771390.1771392,
  Title                    = {Chemical Organizations at Different Spatial Scales},
  Author                   = {Di Fenizio, Pietro Speroni and Dittrich, Peter},
  Booktitle                = {Proceedings of the 9th European Conference on Advances in Artificial Life},
  Year                     = {2007},
  Address                  = {Berlin, Heidelberg},
  Pages                    = {1--11},
  Publisher                = {Springer-Verlag},
  Series                   = {ECAL'07},
  Acmid                    = {1771392},
  ISBN                     = {978-3-540-74912-7},
  Location                 = {Lisbon, Portugal},
  Numpages                 = {11},
  URL                      = {http://dl.acm.org/citation.cfm?id=1771390.1771392}
}

@Article{Dittrich:1998:SCB:307083.307088,
  Title                    = {Self-evolution in a Constructive Binary String System},
  Author                   = {Dittrich, Peter and Banzhaf, Wolfgang},
  Journal                  = {Artif. Life},
  Year                     = {1998},
  Month                    = apr,
  Number                   = {2},
  Pages                    = {203--220},
  Volume                   = {4},
  Acmid                    = {307088},
  Address                  = {Cambridge, MA, USA},
  DOI                      = {10.1162/106454698568521},
  ISSN                     = {1064-5462},
  Issue_date               = {Spring 1998},
  Keywords                 = {artificial chemistry, autocatalytic reaction system, molecular computing, prebiotic evolution, self-organization, self-programming},
  Numpages                 = {18},
  Publisher                = {MIT Press},
  URL                      = {http://dx.doi.org/10.1162/106454698568521}
}

@InProceedings{Dittrich:1998:MAS:286139.286151,
  Title                    = {Mesoscopic Analysis of Self-evolution in an Artificial Chemistry},
  Author                   = {Dittrich, Peter and Ziegler, Jens and Banzhaf, Wolfgang},
  Booktitle                = {Proceedings of the Sixth International Conference on Artificial Life},
  Year                     = {1998},
  Address                  = {Cambridge, MA, USA},
  Pages                    = {95--103},
  Publisher                = {MIT Press},
  Series                   = {ALIFE},
  Acmid                    = {286151},
  ISBN                     = {0-262-51099-5},
  Keywords                 = {algorithmic chemistry, automata resaction, binary string system, chemical computing, cluster analysis, computational chemistry, constructive dynamical systems, evolution, self-organization},
  Location                 = {Madison, Wisconsin, USA},
  Numpages                 = {9},
  URL                      = {http://dl.acm.org/citation.cfm?id=286139.286151}
}

@Article{Dittrich:2001:ACR:569760.569762,
  Title                    = {Artificial Chemistries\&Mdash;a Review},
  Author                   = {Dittrich, Peter and Ziegler, Jens and Banzhaf, Wolfgang},
  Journal                  = {Artif. Life},
  Year                     = {2001},
  Month                    = jun,
  Number                   = {3},
  Pages                    = {225--275},
  Volume                   = {7},
  Acmid                    = {569762},
  Address                  = {Cambridge, MA, USA},
  DOI                      = {10.1162/106454601753238636},
  ISSN                     = {1064-5462},
  Issue_date               = {Summer 2001},
  Keywords                 = {chemical computing, complex systems, evolution, molecular simulation, origin of life, self-organization},
  Numpages                 = {51},
  Publisher                = {MIT Press},
  URL                      = {http://dx.doi.org/10.1162/106454601753238636}
}

@InProceedings{Dorin:2007:BVE:1771390.1771404,
  Title                    = {Building Virtual Ecosystems from Artificial Chemistry},
  Author                   = {Dorin, Alan and Korb, Kevin B.},
  Booktitle                = {Proceedings of the 9th European Conference on Advances in Artificial Life},
  Year                     = {2007},
  Address                  = {Berlin, Heidelberg},
  Pages                    = {103--112},
  Publisher                = {Springer-Verlag},
  Series                   = {ECAL'07},
  Acmid                    = {1771404},
  ISBN                     = {978-3-540-74912-7},
  Location                 = {Lisbon, Portugal},
  Numpages                 = {10},
  URL                      = {http://dl.acm.org/citation.cfm?id=1771390.1771404}
}

@InProceedings{Faulconbridge:2009:RSA:2022653.2022704,
  Title                    = {RBN-World: A Sub-symbolic Artificial Chemistry},
  Author                   = {Faulconbridge, Adam and Stepney, Susan and Miller, Julian F. and Caves, Leo S. D.},
  Booktitle                = {Proceedings of the 10th European Conference on Advances in Artificial Life: Darwin Meets Von Neumann - Volume Part I},
  Year                     = {2011},
  Address                  = {Berlin, Heidelberg},
  Pages                    = {377--384},
  Publisher                = {Springer-Verlag},
  Series                   = {ECAL'09},
  Acmid                    = {2022704},
  ISBN                     = {978-3-642-21282-6},
  Location                 = {Budapest, Hungary},
  Numpages                 = {8},
  URL                      = {http://dl.acm.org/citation.cfm?id=2022653.2022704}
}

@InProceedings{diFenizio:2009:FOM:2022653.2022705,
  Title                    = {Flying over Mount Improbable},
  Author                   = {di Fenizio, Pietro Speroni and Matsumaru, Naoki and Dittrich, Peter},
  Booktitle                = {Proceedings of the 10th European Conference on Advances in Artificial Life: Darwin Meets Von Neumann - Volume Part I},
  Year                     = {2011},
  Address                  = {Berlin, Heidelberg},
  Pages                    = {385--393},
  Publisher                = {Springer-Verlag},
  Series                   = {ECAL'09},
  Acmid                    = {2022705},
  ISBN                     = {978-3-642-21282-6},
  Location                 = {Budapest, Hungary},
  Numpages                 = {9},
  URL                      = {http://dl.acm.org/citation.cfm?id=2022653.2022705}
}

@InProceedings{Fenizio:2001:SMB:645302.648772,
  Title                    = {Stability of Metabolic and Balanced Organisations},
  Author                   = {Fenizio, Pietro Speroni di and Banzhaf, Wolfgang},
  Booktitle                = {Proceedings of the 6th European Conference on Advances in Artificial Life},
  Year                     = {2001},
  Address                  = {London, UK, UK},
  Pages                    = {196--205},
  Publisher                = {Springer-Verlag},
  Series                   = {ECAL '01},
  Acmid                    = {648772},
  ISBN                     = {3-540-42567-5},
  Location                 = {Prague, Czech Republic},
  Numpages                 = {10},
  URL                      = {http://dl.acm.org/citation.cfm?id=645302.648772}
}

@InProceedings{Fenizio:2001:SFP:645302.648795,
  Title                    = {Spontaneous Formation of Proto-cells in an Universal Artificial Chemistry on a Planar Graph},
  Author                   = {Fenizio, Pietro Speroni di and Dittrich, Peter and Banzhaf, Wolfgang},
  Booktitle                = {Proceedings of the 6th European Conference on Advances in Artificial Life},
  Year                     = {2001},
  Address                  = {London, UK, UK},
  Pages                    = {206--215},
  Publisher                = {Springer-Verlag},
  Series                   = {ECAL '01},
  Acmid                    = {648795},
  ISBN                     = {3-540-42567-5},
  Location                 = {Prague, Czech Republic},
  Numpages                 = {10},
  URL                      = {http://dl.acm.org/citation.cfm?id=645302.648795}
}

@InProceedings{Gardiner:2007:FCG:1781194.1781226,
  Title                    = {A Framework for the Co-evolution of Genes, Proteins and a Genetic Code Within an Artificial Chemistry Reaction Set},
  Author                   = {Gardiner, Ken and Harland, James and Hamilton, Margaret},
  Booktitle                = {Proceedings of the 3rd Australian Conference on Progress in Artificial Life},
  Year                     = {2007},
  Address                  = {Berlin, Heidelberg},
  Pages                    = {281--291},
  Publisher                = {Springer-Verlag},
  Series                   = {ACAL'07},
  Acmid                    = {1781226},
  ISBN                     = {3-540-76930-7, 978-3-540-76930-9},
  Location                 = {Gold Coast, Australia},
  Numpages                 = {11},
  URL                      = {http://dl.acm.org/citation.cfm?id=1781194.1781226}
}

@InProceedings{Gordon-Smith:2009:SAC:2022653.2022689,
  Title                    = {SimSoup: Artificial Chemistry Meets Pauling},
  Author                   = {Gordon-Smith, Chris},
  Booktitle                = {Proceedings of the 10th European Conference on Advances in Artificial Life: Darwin Meets Von Neumann - Volume Part I},
  Year                     = {2011},
  Address                  = {Berlin, Heidelberg},
  Pages                    = {265--272},
  Publisher                = {Springer-Verlag},
  Series                   = {ECAL'09},
  Acmid                    = {2022689},
  ISBN                     = {978-3-642-21282-6},
  Location                 = {Budapest, Hungary},
  Numpages                 = {8},
  URL                      = {http://dl.acm.org/citation.cfm?id=2022653.2022689}
}

@InProceedings{GroB:2002:CNA:860295.860359,
  Title                    = {The Creation of Novelty in Artificial Chemistries},
  Author                   = {Gro\ss, Dominique and McMullin, Barry},
  Booktitle                = {Proceedings of the Eighth International Conference on Artificial Life},
  Year                     = {2003},
  Address                  = {Cambridge, MA, USA},
  Pages                    = {400--409},
  Publisher                = {MIT Press},
  Series                   = {ICAL 2003},
  Acmid                    = {860359},
  ISBN                     = {0-262-69281-3},
  Numpages                 = {10},
  URL                      = {http://dl.acm.org/citation.cfm?id=860295.860359}
}

@Article{Gross:2002:RA:599564.599567,
  Title                    = {Is It the Right Ansatz?},
  Author                   = {Gross, Dominique and McMullin, Barry},
  Journal                  = {Artif. Life},
  Year                     = {2002},
  Month                    = mar,
  Number                   = {4},
  Pages                    = {355--365},
  Volume                   = {7},
  Acmid                    = {599567},
  Address                  = {Cambridge, MA, USA},
  DOI                      = {10.1162/106454601317296997},
  ISSN                     = {1064-5462},
  Issue_date               = {March 2002},
  Keywords                 = {artificial chemistry, dynamical hierarchies, emergence, micelles},
  Numpages                 = {11},
  Publisher                = {MIT Press},
  URL                      = {http://dx.doi.org/10.1162/106454601317296997}
}

@Article{Hickinbotham:2016:MAP:2913272.2913275,
  Title                    = {Maximizing the Adjacent Possible in Automata Chemistries},
  Author                   = {Hickinbotham, Simon and Clark, Edward and Nellis, Adam and Stepney, Susan and Clarke, Tim and Young, Peter},
  Journal                  = {Artif. Life},
  Year                     = {2016},
  Month                    = feb,
  Number                   = {1},
  Pages                    = {49--75},
  Volume                   = {22},
  Acmid                    = {2913275},
  Address                  = {Cambridge, MA, USA},
  DOI                      = {10.1162/ARTL_a_00180},
  ISSN                     = {1064-5462},
  Issue_date               = {Winter 2016},
  Keywords                 = {Artificial chemistries, automata chemistries, evolutionary computation, open-ended evolution},
  Numpages                 = {27},
  Publisher                = {MIT Press},
  URL                      = {http://dx.doi.org/10.1162/ARTL_a_00180}
}

@InCollection{Hinze:2009:EMP:1506628.1506647,
  Title                    = {Membrane Computing},
  Author                   = {Hinze, Thomas and Fa\ssler, Raffael and Lenser, Thorsten and Matsumaru, Naoki and Dittrich, Peter},
  Publisher                = {Springer-Verlag},
  Year                     = {2009},
  Address                  = {Berlin, Heidelberg},
  Chapter                  = {Event-Driven Metamorphoses of P Systems},
  Editor                   = {Corne, David Wolfe and Frisco, Pierluigi and P\u{a}un, Gheorghe and Rozenberg, Grzegorz and Salomaa, Arto},
  Pages                    = {231--245},
  Acmid                    = {1506647},
  DOI                      = {10.1007/978-3-540-95885-7_17},
  ISBN                     = {978-3-540-95884-0},
  Numpages                 = {15},
  URL                      = {http://dx.doi.org/10.1007/978-3-540-95885-7_17}
}

@Article{Hutton:2002:ESM:782274.782280,
  Title                    = {Evolvable Self-replicating Molecules in an Artificial Chemistry},
  Author                   = {Hutton, Tim J.},
  Journal                  = {Artif. Life},
  Year                     = {2002},
  Month                    = sep,
  Number                   = {4},
  Pages                    = {341--356},
  Volume                   = {8},
  Acmid                    = {782280},
  Address                  = {Cambridge, MA, USA},
  DOI                      = {10.1162/106454602321202417},
  ISSN                     = {1064-5462},
  Issue_date               = {Fall 2002},
  Keywords                 = {complex systems, emergence, evolution, molecular simulation, origin of life, self-organization},
  Numpages                 = {16},
  Publisher                = {MIT Press},
  URL                      = {http://dx.doi.org/10.1162/106454602321202417}
}

@Article{Hutton:2007:ESC:1245102.1245104,
  Title                    = {Evolvable Self-Reproducing Cells in a Two-Dimensional Artificial Chemistry},
  Author                   = {Hutton, Tim J.},
  Journal                  = {Artif. Life},
  Year                     = {2007},
  Month                    = jan,
  Number                   = {1},
  Pages                    = {11--30},
  Volume                   = {13},
  Acmid                    = {1245104},
  Address                  = {Cambridge, MA, USA},
  DOI                      = {10.1162/artl.2007.13.1.11},
  ISSN                     = {1064-5462},
  Issue_date               = {Winter 2007},
  Keywords                 = {Artificial chemistry, cellular automata, evolvability, mitosis, self-replication},
  Numpages                 = {20},
  Publisher                = {MIT Press},
  URL                      = {http://dx.doi.org/10.1162/artl.2007.13.1.11}
}

@Article{Hutton:2009:OBP:1480445.1480448,
  Title                    = {The Organic Builder: A Public Experiment in Artificial Chemistries and Self-replication},
  Author                   = {Hutton, Tim J.},
  Journal                  = {Artif. Life},
  Year                     = {2009},
  Month                    = jan,
  Number                   = {1},
  Pages                    = {21--28},
  Volume                   = {15},
  Acmid                    = {1480448},
  Address                  = {Cambridge, MA, USA},
  DOI                      = {10.1162/artl.2009.15.1.15102},
  ISSN                     = {1064-5462},
  Issue_date               = {Winter 2009},
  Keywords                 = {Artificial chemistry, evolvability, origin of life, self-replication, user interface},
  Numpages                 = {8},
  Publisher                = {MIT Press},
  URL                      = {http://dx.doi.org/10.1162/artl.2009.15.1.15102}
}

@Book{Komosinski:2009:ALM:1608961,
  Title                    = {Artificial Life Models in Software},
  Author                   = {Komosinski, Maciej and Adamatzky, Andrew},
  Publisher                = {Springer Publishing Company, Incorporated},
  Year                     = {2009},
  Edition                  = {2nd},
  ISBN                     = {1848822847}
}

@InProceedings{Lasarczyk:2005:TSA:1068009.1068285,
  Title                    = {Total Synthesis of Algorithmic Chemistries},
  Author                   = {Lasarczyk, Christian W. G. and Banzhaf, Wolfgang},
  Booktitle                = {Proceedings of the 7th Annual Conference on Genetic and Evolutionary Computation},
  Year                     = {2005},
  Address                  = {New York, NY, USA},
  Pages                    = {1635--1640},
  Publisher                = {ACM},
  Series                   = {GECCO '05},
  Acmid                    = {1068285},
  DOI                      = {10.1145/1068009.1068285},
  ISBN                     = {1-59593-010-8},
  Keywords                 = {algorithmic chemistries, genetic programming, total synthesis},
  Location                 = {Washington DC, USA},
  Numpages                 = {6},
  URL                      = {http://doi.acm.org/10.1145/1068009.1068285}
}

@Article{Lenaerts:2009:SAA:1480445.1480452,
  Title                    = {A Synthon Approach to Artificial Chemistry},
  Author                   = {Lenaerts, Tom and Bersini, Hugues},
  Journal                  = {Artif. Life},
  Year                     = {2009},
  Month                    = jan,
  Number                   = {1},
  Pages                    = {89--103},
  Volume                   = {15},
  Acmid                    = {1480452},
  Address                  = {Cambridge, MA, USA},
  DOI                      = {10.1162/artl.2009.15.1.15106},
  ISSN                     = {1064-5462},
  Issue_date               = {Winter 2009},
  Keywords                 = {Molecular graphs, complex networks, reaction generator},
  Numpages                 = {15},
  Publisher                = {MIT Press},
  URL                      = {http://dx.doi.org/10.1162/artl.2009.15.1.15106}
}

@Article{Lucht:2012:SSA:2185748.2185750,
  Title                    = {Size Selection and Adaptive Evolution in an Artificial Chemistry},
  Author                   = {Lucht, Michael W.},
  Journal                  = {Artif. Life},
  Year                     = {2012},
  Month                    = apr,
  Number                   = {2},
  Pages                    = {143--163},
  Volume                   = {18},
  Acmid                    = {2185750},
  Address                  = {Cambridge, MA, USA},
  DOI                      = {10.1162/artl_a_00057},
  ISSN                     = {1064-5462},
  Issue_date               = {Spring 2012},
  Keywords                 = {Evolution, complex systems, emergence, molecular simulation, origin of life, self-organization},
  Numpages                 = {21},
  Publisher                = {MIT Press},
  URL                      = {http://dx.doi.org/10.1162/artl_a_00057}
}

@InProceedings{McMullin:2001:TIE:645302.648791,
  Title                    = {Towards the Implementation of Evolving Autopoietic Artificial Agents},
  Author                   = {McMullin, Barry and Gro\ss, Dominique},
  Booktitle                = {Proceedings of the 6th European Conference on Advances in Artificial Life},
  Year                     = {2001},
  Address                  = {London, UK, UK},
  Pages                    = {440--443},
  Publisher                = {Springer-Verlag},
  Series                   = {ECAL '01},
  Acmid                    = {648791},
  ISBN                     = {3-540-42567-5},
  Location                 = {Prague, Czech Republic},
  Numpages                 = {4},
  URL                      = {http://dl.acm.org/citation.cfm?id=645302.648791}
}

@InProceedings{Menezes:2007:DS:1771390.1771513,
  Title                    = {Designing for Surprise},
  Author                   = {Menezes, Telmo and Costa, Ernesto},
  Booktitle                = {Proceedings of the 9th European Conference on Advances in Artificial Life},
  Year                     = {2007},
  Address                  = {Berlin, Heidelberg},
  Pages                    = {1079--1088},
  Publisher                = {Springer-Verlag},
  Series                   = {ECAL'07},
  Acmid                    = {1771513},
  ISBN                     = {978-3-540-74912-7},
  Location                 = {Lisbon, Portugal},
  Numpages                 = {10},
  URL                      = {http://dl.acm.org/citation.cfm?id=1771390.1771513}
}

@InProceedings{Ono:2005:AMS:2104364.2104447,
  Title                    = {Artificial Metabolic System: An Evolutionary Model for Community Organization in Metabolic Networks},
  Author                   = {Ono, Naoaki and Fujiwara, Yoshi and Yuta, Kikuo},
  Booktitle                = {Proceedings of the 8th European Conference on Advances in Artificial Life},
  Year                     = {2005},
  Address                  = {Berlin, Heidelberg},
  Pages                    = {716--724},
  Publisher                = {Springer-Verlag},
  Series                   = {ECAL'05},
  Acmid                    = {2104447},
  DOI                      = {10.1007/11553090_72},
  ISBN                     = {3-540-28848-1, 978-3-540-28848-0},
  Location                 = {Canterbury, UK},
  Numpages                 = {9},
  URL                      = {http://dx.doi.org/10.1007/11553090_72}
}

@InProceedings{Ono:2001:ACC:645302.648782,
  Title                    = {Artificial Chemistry: Computational Studies on the Emergence of Self-Reproducing Units},
  Author                   = {Ono, Naoaki and Ikegami, Takashi},
  Booktitle                = {Proceedings of the 6th European Conference on Advances in Artificial Life},
  Year                     = {2001},
  Address                  = {London, UK, UK},
  Pages                    = {186--195},
  Publisher                = {Springer-Verlag},
  Series                   = {ECAL '01},
  Acmid                    = {648782},
  ISBN                     = {3-540-42567-5},
  Location                 = {Prague, Czech Republic},
  Numpages                 = {10},
  URL                      = {http://dl.acm.org/citation.cfm?id=645302.648782}
}

@Article{Rasmussen:2003:BNL:945926.945929,
  Title                    = {Bridging Nonliving and Living Matter},
  Author                   = {Rasmussen, Steen and Chen, Liaohai and Nilsson, Martin and Abe, Shigeaki},
  Journal                  = {Artif. Life},
  Year                     = {2003},
  Month                    = jul,
  Number                   = {3},
  Pages                    = {269--316},
  Volume                   = {9},
  Acmid                    = {945929},
  Address                  = {Cambridge, MA, USA},
  DOI                      = {10.1162/106454603322392479},
  ISSN                     = {1064-5462},
  Issue_date               = {Summer 2003},
  Keywords                 = {artificial chemistry, evolution, multiscale simulation, nanotechnology, origins of life, photochemistry, physical chemistry, proto-cells, self-assembly, supermolecular chemistry},
  Numpages                 = {48},
  Publisher                = {MIT Press},
  URL                      = {http://dx.doi.org/10.1162/106454603322392479}
}

@Article{Suzuki:2009:AC:1480445.1480446,
  Title                    = {Artificial Chemistry},
  Author                   = {Suzuki, Hideaki and Dittrich, Peter},
  Journal                  = {Artif. Life},
  Year                     = {2009},
  Month                    = jan,
  Number                   = {1},
  Pages                    = {1--3},
  Volume                   = {15},
  Acmid                    = {1480446},
  Address                  = {Cambridge, MA, USA},
  DOI                      = {10.1162/artl.2009.15.1.15100},
  ISSN                     = {1064-5462},
  Issue_date               = {Winter 2009},
  Numpages                 = {3},
  Publisher                = {MIT Press},
  URL                      = {http://dx.doi.org/10.1162/artl.2009.15.1.15100}
}

@Article{Suzuki:2003:SNC:860914.860917,
  Title                    = {Several Necessary Conditions for the Evolution of Complex Forms of Life in an Artificial Environment},
  Author                   = {Suzuki, Hideaki and Ono, Naoaki and Yuta, Kikuo},
  Journal                  = {Artif. Life},
  Year                     = {2003},
  Month                    = apr,
  Number                   = {2},
  Pages                    = {153--174},
  Volume                   = {9},
  Acmid                    = {860917},
  Address                  = {Cambridge, MA, USA},
  DOI                      = {10.1162/106454603322221504},
  ISSN                     = {1064-5462},
  Issue_date               = {Spring 2003},
  Keywords                 = {artificial chemistry, diffusion processes, genetic information, information space, reaction rules, symbol transportation},
  Numpages                 = {22},
  Publisher                = {MIT Press},
  URL                      = {http://dx.doi.org/10.1162/106454603322221504}
}

@InProceedings{Young:2013:CAC:2694968.2695006,
  Title                    = {A Constructive Artificial Chemistry to Explore Open-Ended Evolution},
  Author                   = {Young, Thomas J. and Neshatian, Kourosh},
  Booktitle                = {Proceedings of the 26th Australasian Joint Conference on AI 2013: Advances in Artificial Intelligence - Volume 8272},
  Year                     = {2013},
  Address                  = {New York, NY, USA},
  Pages                    = {228--233},
  Publisher                = {Springer-Verlag New York, Inc.},
  Acmid                    = {2695006},
  DOI                      = {10.1007/978-3-319-03680-9_25},
  ISBN                     = {978-3-319-03679-3},
  Keywords                 = {Artificial Chemistry, Constructive, Emergence, Energy},
  Numpages                 = {6},
  URL                      = {http://dx.doi.org/10.1007/978-3-319-03680-9_25}
}

